@article{stacked_borrows,
    author = {Jung, Ralf and Dang, Hoang-Hai and Kang, Jeehoon and Dreyer, Derek},
    year = {2019},
    month = {12},
    pages = {1-32},
    title = {Stacked borrows: an aliasing model for Rust},
    volume = {4},
    journal = {Proceedings of the ACM on Programming Languages},
    doi = {10.1145/3371109}
}

@article{simuliris,
    author = {G\"{a}her, Lennard and Sammler, Michael and Spies, Simon and Jung, Ralf and Dang, Hoang-Hai and Krebbers, Robbert and Kang, Jeehoon and Dreyer, Derek},
    title = {Simuliris: A Separation Logic Framework for Verifying Concurrent Program Optimizations},
    year = {2022},
    issue_date = {January 2022},
    publisher = {Association for Computing Machinery},
    address = {New York, NY, USA},
    volume = {6},
    number = {POPL},
    url = {https://doi.org/10.1145/3498689},
    doi = {10.1145/3498689},
    journal = {Proc. ACM Program. Lang.},
    month = {jan},
    articleno = {28},
    numpages = {31},
    keywords = {Iris, data races, program optimizations, separation logic}
}

@misc{rustc_dev_guide,
    title = {{Rust Compiler Development Guide}},
    author = {The Rust Project Developers},
    howpublished = "\url{https://rustc-dev-guide.rust-lang.org/borrow_check/two_phase_borrows.html?highlight=temporary%20mutable#two-phase-borrows}",
    year = {2018}, 
    note = "Accessed: 2023-03-14"
}

@misc{miri,
    title = {{Miri}},
    author = {The Rust Project Developers},
    howpublished = "\url{https://github.com/rust-lang/miri/}",
    year = {2016}, 
    note = "Accessed: 2023-03-14"
}

